<record><leader>00000cas a2200000 a 4500</leader><controlfield tag="001">32737452</controlfield><controlfield tag="008">950630d195519uucaucr ne      0   a0eng c</controlfield><datafield ind1=" " ind2=" " tag="010"><subfield code="a">sn 95061093 </subfield></datafield><datafield ind1=" " ind2=" " tag="040"><subfield code="a">CNK</subfield><subfield code="b">eng</subfield><subfield code="c">CNK</subfield><subfield code="d">CNK</subfield><subfield code="d">OCLCQ</subfield><subfield code="d">OCLCF</subfield><subfield code="d">OCLCO</subfield></datafield><datafield ind1="1" ind2=" " tag="029"><subfield code="a">AU@</subfield><subfield code="b">000040177269</subfield></datafield><datafield ind1=" " ind2=" " tag="042"><subfield code="a">pcc</subfield></datafield><datafield ind1=" " ind2=" " tag="043"><subfield code="a">n-us-ca</subfield></datafield><datafield ind1="0" ind2="0" tag="245"><subfield code="a">Burbank independent.</subfield></datafield><datafield ind1=" " ind2=" " tag="260"><subfield code="a">Burbank, Calif. :</subfield><subfield code="b">Gerald T. Deal</subfield></datafield><datafield ind1=" " ind2=" " tag="300"><subfield code="a">v.</subfield></datafield><datafield ind1=" " ind2=" " tag="310"><subfield code="a">Semiweekly,</subfield><subfield code="b">&lt;July 3-Dec. 29, 1968&gt;</subfield></datafield><datafield ind1=" " ind2=" " tag="321"><subfield code="a">Weekly,</subfield><subfield code="b">Aug. 25-&lt;Dec. 29, 1955&gt;</subfield></datafield><datafield ind1="0" ind2=" " tag="362"><subfield code="a">Vol. 1, no. 1 (Aug. 25, 1955)-</subfield></datafield><datafield ind1=" " ind2=" " tag="500"><subfield code="a">Published in Glendale, Calif., &lt;July 3, 1968-&gt;</subfield></datafield><datafield ind1=" " ind2="0" tag="651"><subfield code="a">Burbank (Los Angeles County, Calif.)</subfield><subfield code="v">Newspapers.</subfield></datafield><datafield ind1=" " ind2="7" tag="655"><subfield code="a">Newspapers.</subfield><subfield code="2">fast</subfield><subfield code="0">(OCoLC)fst01423814</subfield></datafield><datafield ind1=" " ind2="7" tag="651"><subfield code="a">California</subfield><subfield code="z">Burbank (Los Angeles County)</subfield><subfield code="2">fast</subfield><subfield code="0">(OCoLC)fst01312054</subfield></datafield><datafield ind1=" " ind2=" " tag="752"><subfield code="a">United States</subfield><subfield code="b">California</subfield><subfield code="c">Los Angeles</subfield><subfield code="d">Glendale.</subfield></datafield><datafield ind1=" " ind2=" " tag="752"><subfield code="a">United States</subfield><subfield code="b">California</subfield><subfield code="c">Los Angeles</subfield><subfield code="d">Burbank.</subfield></datafield><datafield ind1="0" ind2=" " tag="775"><subfield code="t">Glendale scene</subfield><subfield code="w">(DLC)sn2005061303</subfield></datafield><datafield ind1="0" ind2=" " tag="775"><subfield code="t">Glendale independent</subfield><subfield code="w">(DLC)sn 99060893</subfield></datafield></record>